2951 3801
1325 266 1588 306 -4-

427 378 552 437 Quae
567 378 768 436 quamvis
782 391 924 437 parva
938 391 992 425 ac
1006 378 1125 425 levia
1138 392 1220 436 per
1239 392 1300 437 se,
1319 380 1531 436 siquidem
1551 380 1685 427 etiam
1699 381 1816 438 apud
1831 380 1940 426 alios
1954 380 2176 438 legantur,
2192 384 2342 426 tamen
2356 383 2588 440 coniuncta

290 451 458 507 aliquid
488 451 546 498 ad
575 451 848 509 probandum
877 451 1085 498 momenti
1114 452 1294 498 habent.
1329 477 1385 485 -
1409 453 1608 499 Tertium
1638 457 1720 510 est,
1752 453 1867 509 quod
1897 452 2237 509 quotiescunque
2265 453 2321 498 de
2340 454 2586 512 Hispaniae

289 524 424 570 rebus
453 524 563 582 agit,
595 527 643 569 et
672 527 841 570 terram
871 527 919 569 et
947 524 1112 569 incolas
1142 537 1229 569 non
1258 525 1384 569 modo
1414 526 1648 571 honorifice
1677 538 1848 582 semper
1878 530 1926 570 et
1951 525 2043 570 sine
2064 525 2162 570 odio
2183 531 2491 572 commemorat
2509 529 2587 573 sed

290 596 425 641 etiam
471 595 649 641 summis
695 596 897 641 laudibus
942 595 1083 640 effert.
1147 596 1218 641 Of.
1257 595 1462 651 inprimis
1488 602 1530 651 2,
1571 603 1611 652 6,
1646 602 1701 641 38
1734 598 2018 642 ‘bellatricem
2048 597 2182 652 illam,
2227 597 2337 642 viris
2367 598 2586 656 armisque

289 666 478 712 nobilem
507 666 786 722 Hispaniam,
817 666 939 711 illam
969 666 1249 711 seminarium
1279 667 1454 711 hostilis
1485 668 1725 723 exercitus,
1773 668 1893 713 illam
1923 668 2158 713 Annibalis
2187 668 2469 714 eruditricem
2499 675 2584 728 cet.

290 741 338 783 et
368 743 410 793 2,
443 742 486 793 6,
520 743 658 791 3-7;
692 742 733 793 2,
770 743 845 791 183
877 742 920 793 4,
957 742 1024 793 12,
1056 742 1253 791 46—613
1286 738 1401 781 unde
1433 739 1581 793 colligi
1611 739 1729 794 licet,
1761 739 1881 784 illam
1912 744 2078 785 terram
2108 739 2150 784 ei
2178 743 2258 784 aut
2286 739 2477 795 patriam
2507 746 2587 787 aut

290 813 413 854 certe
443 809 650 854 diuturno
682 809 870 865 hospitio
901 809 1171 853 carissimam
1202 808 1352 863 fuisse,
1396 809 1446 852 id
1493 810 1606 865 quod
1642 810 1687 854 in
1724 811 1964 867 fragmenti
1994 815 2230 867 auctorem,
2269 810 2339 855 cui
2367 811 2587 867 Hispania

289 894 375 926 non
405 880 548 925 minus
577 880 761 935 arridet,
793 879 974 936 egregie
1003 879 1220 925 convenit.
2153 937 2156 940 ἢ

428 962 616 1021 'Quodsi
645 962 973 1019 praenominum
1003 962 1241 1008 diversitas
1272 963 1451 1007 obstare
1482 963 1672 1019 videtur,
1711 977 1823 1009 unus
1858 965 1951 1009 cod.
1983 966 2137 1010 Bamb.
2198 965 2297 1010 ι11111
2318 978 2480 1016 ¹nomen
2510 977 2582 1009 ex·
2652 1012 2654 1015 Α

288 1036 424 1090 hibet,
455 1035 570 1091 qnod
599 1035 716 1078 uude
745 1038 898 1079 natum
928 1034 1000 1089 sit,
1032 1034 1186 1078 variae
1224 1047 1385 1078 causae
1422 1035 1610 1090 cogitari
1640 1040 1822 1090 possunt
1874 1061 1930 1068 -
1981 1036 2168 1080 forsitan
2205 1049 2261 1080 ex
2298 1036 2479 1082 Horatii
2507 1036 2585 1081 illa

288 1106 480 1162 epistula
507 1106 697 1162 petitum
728 1130 783 1137 -
816 1105 1083 1162 reliquorum
1112 1118 1233 1160 vero,
1265 1105 1311 1148 in
1342 1105 1498 1162 quibus
1527 1106 1580 1150 L.
1603 1106 1790 1150 Anneus
1816 1105 1994 1162 legitur,
2026 1106 2325 1161 discrepantia
2345 1108 2402 1151 ab
2421 1107 2581 1163 Annio,

289 1177 411 1223 cuius
441 1176 626 1223 nominis
657 1179 704 1221 et
725 1176 926 1233 dialogus
947 1180 994 1221 et-
1014 1176 1242 1222 Charisius
1263 1180 1466 1221 auctores
1486 1180 1602 1233 sunt,
1636 1180 1728 1221 tam
1760 1178 1920 1234 exigua
1951 1181 2034 1233 est,
2065 1181 2117 1221 ut
2146 1178 2370 1222 contraria
2405 1179 2443 1223 si
2462 1191 2584 1234 spec-

288 1252 454 1303 tentur,
486 1248 649 1293 nullius
679 1248 885 1304 ponderis
915 1260 1013 1293 esse
1042 1248 1194 1304 possit.

433 1331 525 1378 Cur
555 1333 704 1377 autem
734 1330 858 1376 Flori
889 1330 1159 1387 potissimum
1189 1318 1362 1375 dicendi
1393 1342 1518 1375 usum
1549 1334 1682 1388 atque
1704 1331 1989 1375 elocutionem
2009 1343 2226 1388 exponere
2246 1332 2576 1388 instituerimus,

288 1404 326 1448 si
356 1404 455 1461 quis
477 1407 677 1461 quaerat,
701 1403 830 1447 huius
860 1403 1086 1458 scriptoris
1117 1415 1224 1457 opus
1256 1404 1312 1446 ad
1344 1415 1439 1446 eam
1471 1415 1563 1445 13111
1598 1407 1833 1458 propterea
1861 1403 2060 1458 inprimis
2095 1400 2295 1447 idoneum
2331 1403 2577 1459 videbatur,

288 1476 403 1531 quod
449 1475 589 1518 ‘brevi
624 1475 749 1529 quasi
778 1475 973 1527 tabella’,
1006 1478 1056 1516 ut
1085 1474 1221 1527 ipsius
1247 1475 1394 1517 verbis
1415 1479 1603 1527 utamur,
1640 1488 1726 1517 non
1753 1474 1877 1517 modo
1906 1474 2116 1530 pleraque
2146 1477 2387 1529 argenteae
2416 1475 2579 1520 aetatis

286 1546 480 1601 propria,
503 1546 581 1590 sed
597 1545 731 1590 etiam
747 1545 900 1600 multa,
916 1557 1029 1601 quae
1044 1545 1160 1600 apud
1175 1544 1285 1590 alios
1315 1558 1403 1590 non
1424 1544 1718 1600 reperiantur,
1757 1544 2094 1600 comprehendit.
2158 1543 2366 1590 Ceterum
2395 1543 2466 1589 1113
2486 1545 2578 1599 qui-

286 1618 385 1661 dem
399 1616 509 1661 nihil
529 1616 678 1672 aptius
698 1615 880 1671 proponi
894 1618 1044 1670 posset
1059 1628 1188 1672 quam
1207 1616 1504 1661 Horatianum
1519 1616 1645 1660 illud:
1665 1616 1835 1671 ιΙ1113111,
1872 1628 2003 1672 quam
2034 1616 2094 1660 sis
2124 1615 2354 1660 mendosus
2370 1650 2381 1660 .
2401 1650 2411 1661 .
2431 1650 2442 1671 ,
2473 1629 2571 1671 per·

285 1687 487 1743 vincam’,
519 1686 558 1732 si
588 1687 732 1731 omnia
762 1687 920 1731 menda
950 1687 1077 1731 huius
1109 1686 1340 1741 scriptoris
1372 1680 1577 1743 persequi
1607 1686 1731 1731 nobis
1760 1687 1806 1731 in
1837 1687 1978 1731 animo
2010 1690 2139 1731 esset.
2202 1686 2290 1731 Sed
2320 1687 2375 1731 de
2401 1687 2470 1732 his
2483 1688 2575 1743 jam

286 1758 374 1809 alii,
421 1758 468 1803 in
512 1758 670 1815 quibus
708 1758 760 1803 Ο.
801 1759 837 1803 J
838 1758 994 1803 ahnius
1028 1758 1074 1802 in
1110 1758 1385 1813 praefatione
1422 1757 1624 1803 editionis
1662 1770 1766 1803 suae
1806 1761 1853 1802 et
1889 1758 2150 1814 Spengelius
2179 1758 2224 1802 in
2256 1759 2406 1802 'rx-act.
2438 1758 2578 1804 Acad.

284 1830 451 1875 Bavar.
483 1830 574 1885 IX,
606 1830 659 1874 II
690 1833 737 1874 et
768 1829 816 1875 O.
851 1830 986 1886 Heyn
1032 1828 1106 1886 (de
1151 1830 1285 1874 Floro
1330 1829 1556 1888 historico)
1602 1829 1851 1874 accuratius
1882 1829 2207 1884 disseruerunt3
2255 1830 2378 1874 nobis
2409 1833 2582 1874 1311111111

283 1902 553 1958 propositum
599 1905 670 1946 est
715 1914 768 1946 ea
813 1914 925 1958 quae
970 1901 1028 1945 ad
1074 1901 1192 1945 illius
1228 1901 1401 1945 dicendi
1438 1901 1654 1945 rationem
1677 1901 1915 1956 pertinent,
1956 1926 2012 1933 —
2043 1901 2089 1945 in
2119 1901 2188 1946 his
2219 1901 2352 1946 etiam
2384 1901 2494 1946 vitia
2525 1926 2580 1934 —-

285 1976 494 2027 quantum
511 1973 627 2030 quad
642 1972 742 2017 fieri
756 1976 918 2028 potest,
936 1971 1170 2028 explicare.
1234 1972 1428 2029 Quorum
1435 1971 1709 2054 gravissima
1725 1976 1771 2016 et
1787 1985 1899 2030 quae
1915 1972 1955 2016 ei
1965 1972 2066 2028 Jure
2083 1973 2419 2028 exprobrantur,
2452 1998 2508 2005 —
2532 1977 2583 2017 111

283 2044 435 2101 paucis
464 2044 717 2100 indicemus,
751 2068 807 2075 —
839 2047 960 2089 sunt:
993 2043 1180 2100 primum
1211 2044 1326 2102 quod
1356 2044 1402 2087 in
1435 2045 1566 2088 rebus
1598 2044 1831 2088 narrandis
1862 2044 2073 2087 historiae
2103 2044 2231 2087 fldem
2251 2057 2407 2100 parum
2436 2050 2575 2099 curat,

284 2118 473 2162 alterum
493 2117 607 2174 quod
628 2116 722 2160 eius
742 2116 884 2160 oratio
904 2128 1034 2172 saepe
1065 2116 1235 2160 tumida
1258 2120 1304 2159 et
1334 2117 1380 2160 in
1411 2117 1775 2160 translationibus
1806 2116 2063 2159 adhibendis
2084 2115 2261 2160 effusior
2279 2120 2361 2171 est,
2392 2116 2573 2161 tertium

283 2189 398 2247 quod
443 2188 669 2234 vocabulis
731 2192 778 2232 et
831 2188 1121 2248 locutionibus
1183 2188 1441 2245 quibusdam
1483 2189 1603 2243 ¹justo
1654 2187 1795 2244 magis
1831 2187 2125 2244 frequentatis
2168 2187 2362 2231 taedium
2407 2188 2578 2244 legenti

281 2264 440 2305 movet.
535 2259 660 2316 Quae
705 2259 818 2303 vitia
855 2271 905 2302 30
940 2259 1167 2302 molestius
1203 2259 1420 2313 feruntur,
1462 2272 1544 2314 quo
1585 2259 1726 2313 magis
1755 2259 1822 2306 iis.
1854 2272 1966 2314 (11133
1995 2259 2041 2302 111
2072 2272 2122 2302 eo
2152 2271 2258 2302 vere
2288 2258 2417 2302 laude
2446 2258 2580 2314 digna

259 2327 503 2387 videntur,
535 2330 744 2375 officiunt.
806 2331 847 2373 Ε
879 2330 1035 2387 quibus
1065 2331 1147 2373 hoc
1176 2330 1364 2373 maxime
1394 2330 1673 2384 admiramur,
1721 2334 1886 2386 quanto
1929 2330 2105 2385 ingenio
2151 2332 2313 2383 quanto
2360 2342 2444 2386 que
2479 2333 2579 2375 arte

279 2403 480 2459 plurimis
510 2403 616 2446 locis
647 2414 714 2457 ea,
747 2413 859 2458 quae
889 2414 1106 2457 exponere
1136 2402 1248 2455 vult,
1280 2402 1554 2456 paucissimis
1585 2402 1758 2457 quidem
1796 2402 1945 2445 verbis
1982 2402 2060 2445 sed
2095 2400 2357 2456 imaginibus
2386 2401 2571 2445 maxime

279 2475 523 2530 perspicuis
552 2478 688 2531 atque
717 2473 940 2517 concinnis
970 2471 1269 2527 descripserit.
1332 2473 1489 2528 Neque
1519 2477 1696 2516 tantum
1733 2473 1779 2516 in
1810 2472 1995 2528 singulis
2015 2471 2304 2517 locutionibus
2325 2471 2577 2518 sententiis-

280 2559 365 2603 que
393 2546 441 2590 id
471 2549 716 2602 spectatur,
749 2545 828 2589 sed
858 2544 993 2589 etiam
1022 2545 1068 2588 in
1098 2543 1333 2599 majoribus
1364 2543 1466 2587 libri
1496 2543 1711 2598 partibus,
1758 2557 1842 2600 (1110
1872 2543 1918 2588 111
1948 2556 2126 2588 1111111310
2150 2543 2372 2588 habemus
2409 2543 2569 2589 belim

278 2617 483 2676 punicum
512 2617 701 2673 primum
731 2619 778 2660 et
808 2616 1056 2670 secundum,
1095 2615 1362 2670 Marianum,
1400 2614 1605 2659 Caesaris
1643 2619 1690 2658 31
1718 2614 1910 2670 Pompei.
1989 2614 2261 2672 Quamquam
2306 2614 2387 2658 hoc
2429 2614 2570 2669 ipsum

278 2690 392 2747 quod
423 2692 597 2734 tantam
628 2700 806 2744 operam
836 2687 971 2743 dedit,
1017 2692 1069 2730 111
1106 2687 1347 2743 legentium
1377 2686 1544 2730 animos
1574 2699 1689 2730 nunc
1719 2685 2020 2740 admiratione,
2066 2698 2182 2730 nunc
2211 2686 2393 2730 horrore
2421 2698 2568 2730 rerum

278 2767 507 2818 gestarum
536 2764 828 2816 permoveret,
878 2760 925 2815 in
955 2773 1090 2804 causa
1119 2760 1218 2814 fuit,
1264 2763 1317 2803 ut
1346 2760 1486 2803 verba
1515 2771 1647 2813 saepe
1676 2756 1884 2803 audacius
1909 2757 2118 2814 jungeret
2147 2756 2368 2815 variisque
2411 2756 2574 2803 lenoci-

278 2833 362 2877 niis
392 2832 634 2877 orationem
663 2831 806 2888 magis
836 2835 1043 2876 oneraret
1071 2844 1202 2887 quam
1232 2834 1425 2875 ornaret.
1461 2854 1518 2862 -
1550 2829 1637 2874 Sed
1666 2829 1775 2874 haec
1803 2841 1880 2874 suo
1901 2840 2098 2886 quaeque
2117 2828 2210 2873 loco
2235 2828 2407 2885 longius
2426 2841 2573 2885 prose-

277 2917 473 2960 quemur.
536 2904 695 2948 Totam
724 2906 874 2947 autem
904 2902 1136 2947 materiam
1168 2901 1506 2956 copiosissimam
1537 2900 1603 2944 ita
1633 2899 1874 2955 divisimus,
1906 2903 1958 2943 ut
1987 2899 2173 2955 primum
2192 2900 2248 2944 de
2273 2899 2353 2956 his,
2382 2912 2494 2958 quae
2513 2900 2572 2945 ad

277 2974 623 3032 grammaticam,
654 2973 812 3018 deinde
842 2985 956 3029 quae
985 2972 1042 3017 ad
1073 2971 1339 3016 rhetoricam
1370 2971 1608 3026 pertinent,
1640 2983 1837 3026 agamus.
1898 2970 2051 3027 Atque
2080 2970 2126 3015 in
2155 2970 2301 3026 priore
2330 2975 2459 3026 parte
2489 2971 2575 3016 dis·

276 3045 515 3091 tribuenda
543 3043 767 3101 Draegeri
797 3043 1031 3099 Syntaxim
1061 3042 1316 3086 historicam
1356 3042 1461 3098 ling.
1495 3043 1574 3086 lat.
1608 3041 1673 3086 ita
1703 3042 1842 3086 secuti
1873 3054 2033 3096 sumus,
2080 3045 2131 3085 ut
2161 3054 2214 3087 ea
2243 3042 2416 3087 silentio
2445 3054 2573 3098 prae-

276 3121 511 3172 tereamus,
558 3129 672 3174 quae
717 3119 798 3161 aut
841 3115 1030 3160 omnium
1076 3127 1158 3159 usu
1204 3113 1563 3171 frequententur,
1617 3117 1697 3158 aut
1732 3112 1851 3157 nullo
1888 3112 2012 3157 Flori
2047 3111 2296 3158 testimonio
2326 3112 2574 3157 confirmari

277 3190 457 3247 possint,
510 3201 747 3243 omnesque
791 3187 974 3232 aliorum
1022 3186 1285 3242 scriptorum
1325 3186 1442 3231 locos
1491 3185 1756 3240 omittamuS,
1804 3184 1877 3241 qui
1906 3185 1999 3241 jam
2033 3185 2149 3241 apud
2185 3184 2308 3230 illum
2344 3185 2568 3242 leguntur.
