2951 3801
1347 219 1619 259 -8-

323 335 380 379 Β.
411 333 562 390 magni
590 332 858 378 aestimabat
881 332 1058 377 hostem
1077 331 1122 376 in
1142 344 1226 376 sua
1244 331 1407 377 Africa
1433 332 1677 390 debellar03
1725 336 1780 377 55
1811 335 1860 377 et
1889 331 2053 377 Italiae
2082 345 2190 385 suae
2218 333 2381 379 clades·
2399 331 2650 379 itt-lanice

324 404 585 462 vindicare3'
617 409 660 460 2,
697 408 766 459 12,
799 408 826 448 9
859 405 1000 457 ‘quem
1029 409 1112 449 nec
1140 406 1312 447 montes
1343 402 1412 447 sui
1443 403 1713 462 (defendere)
1742 402 2024 459 potuissent’;
2058 409 2099 459 3,
2131 408 2175 459 4,
2208 407 2234 448 5
2276 403 2631 461 τΙὶίᾱὶωιῡὶηεοε

326 510 337 520 .
356 509 366 520 .
385 510 395 520 .
428 476 551 520 intra
579 489 704 520 suam
733 474 929 531 reppulit
959 474 1195 519 Thraciam
1208 473 1233 530 ;’
1283 479 1325 529 3,
1360 478 1401 529 5,
1438 478 1492 518 10
1540 474 1717 533 ‘(Sulla)
1762 473 2083 531 ingratimimos
2127 474 2347 520 hominum
2376 510 2388 521 .
2407 510 2419 521 .
2438 473 2628 521 ..sacris

325 547 416 592 suis
445 547 676 601 famaeque
695 546 911 604 donavit;’
945 553 986 601 3,
1020 549 1061 601 5,
1085 549 1141 591 28
1164 545 1432 589 ‘muneravit
1462 547 1520 590 ab
1554 546 1750 591 Albania
1773 558 1855 591 sua
1885 580 1896 591 .
1914 580 1925 591 .
1946 579 1958 590 .
1989 545 2104 591 dona
2120 538 2417 592 'mittentem‘
2462 552 2511 602 3,
2533 551 2576 602 6,
2601 551 2627 592 5

326 621 438 663 ‘cum
484 618 671 664 recisum
716 617 941 664 Ciceronis
970 621 1105 673 caput
1134 616 1180 662 in
1209 616 1300 662 illis
1337 616 1429 662 suis
1466 617 1626 664 rostris
1656 617 1858 664 videret.’
1919 618 2010 663 Pro
2046 618 2158 676 ipsius
2192 616 2373 663 dictum:
2416 622 2458 674 2,
2498 622 2540 675 6,
2570 622 2629 664 26

323 690 552 735 ‘adversus
597 690 768 735 hostem
814 725 824 734 .
842 725 854 735 .
873 724 884 734 .
931 689 1024 734 suis
1069 688 1203 733 etiam
1233 702 1433 745 pugnare
1472 689 1664 734 consiliis
1695 689 1964 745 oportebat3'
2007 695 2047 744 3,
2094 693 2132 744 1,
2193 692 2247 733 10
2294 688 2524 734 ‘Metellus
2555 723 2566 734 .
2584 723 2628 752 ,2

323 761 398 816 qui
428 761 601 806 hostem
633 795 643 805 .
662 796 671 806 .
693 795 703 805 .
735 761 912 806 artibus
942 760 1033 806 suis
1067 761 1305 816 adgressus
1336 760 1442 817 est5'

471 846 514 902 c)
545 844 603 888 ad
633 844 877 888 ablativum
908 844 1176 888 absolutum:
1214 848 1251 898 1,
1289 848 1356 898 18,
1390 847 1446 887 25
1481 843 1645 887 ‘eodem
1677 877 1687 887 .
1706 876 1717 888 .
1736 877 1747 887 .
1781 844 1827 887 in
1858 844 2093 888 Graeciam
2132 856 2255 888 suam
2285 843 2468 899 fugato'.

470 916 614 960 Semel
662 930 785 956 eorum
831 928 911 970 pro
948 928 1054 956 suam
1085 914 1321 959 evitandae
1352 914 1658 970 ambiguitatis
1689 927 1824 958 causa
1853 915 2044 971 positum
2084 919 2122 970 1,
2159 920 2226 970 13,
2262 919 2330 959 13.
2397 919 2434 970 1,
2470 918 2538 969 13,
2575 919 2626 958 13

327 987 558 1030 ‘Iuventus
590 1020 600 1030 .
621 1020 630 1030 .
651 1020 662 1030 .
704 987 929 1030 obtestata
968 1020 1007 1030 ..
1032 1020 1042 1030 .
1076 987 1111 1029 J
1112 997 1249 1039 ovem,
1290 988 1341 1028 ut
1378 1019 1388 1029 .
1413 1019 1423 1029 .
1449 1018 1459 1029 .
1499 984 1575 1028 ille
1619 983 1833 1029 virtutem
1878 997 2027 1030 eorum
2074 985 2248 1030 numine
2284 998 2361 1030 suo
2397 984 2627 1029 tueretur'.

325 1057 464 1103 Simul
494 1056 567 1102 hic
597 1057 864 1103 constructio
894 1057 952 1102 ad
983 1068 1171 1112 sensum,
1203 1068 1316 1113 quae
1345 1055 1521 1111 dicitur,
1553 1055 1682 1109 inest,
1725 1068 1823 1101 cum
1864 1070 1990 1098 eorum
2026 1057 2084 1102 ad
2114 1061 2291 1110 juventus
2326 1057 2354 1102 i.
2392 1069 2429 1103 e.
2474 1062 2630 1108 juvenes

324 1129 560 1184 pertineat,
593 1128 649 1173 cf.
680 1129 763 1173 Dr.
795 1142 838 1184 p.
875 1133 943 1174 73.
1005 1128 1274 1173 Insolentius
1303 1127 1578 1171 indefinitum
1608 1140 1706 1171 cum
1737 1127 1926 1172 relativo
1957 1128 2235 1184 conjunctum
2270 1133 2307 1184 1,
2340 1133 2411 1184 22,
2447 1131 2486 1173 1ι
2515 1141 2628 1185 quae

324 1200 472 1245 inerat
502 1199 716 1256 quaedam
746 1199 890 1244 adhuc
920 1212 976 1244 ex
1005 1199 1256 1257 pastoribus
1293 1197 1477 1243 feritas’.

467 1282 570 1338 ‘Qut
603 1298 707 1342 quac,
741 1282 851 1342 quod.
881 1296 1003 1340 pron.
1036 1283 1191 1327 interr.
1224 1281 1443 1326 rhetorice
1472 1281 1518 1326 in
1551 1281 1943 1326 exclamationibus
1981 1282 2315 1328 admirationem
2345 1283 2626 1342 exprimenti-

325 1356 407 1400 bus
437 1354 657 1410 dicuntur‚
702 1355 776 1399 ubi
813 1359 974 1414 quantus
1014 1358 1221 1412 expectes
1258 1354 1383 1398 velut
1421 1358 1462 1407 2,
1500 1357 1540 1409 2,
1587 1357 1640 1398 10
1680 1353 1815 1398 ‘cuius
1846 1354 1960 1410 quod
1991 1354 2200 1410 gaudium
2228 1354 2372 1413 fuit!’;
2423 1360 2463 1411 2,
2497 1360 2538 1411 6,
2572 1360 2627 1401 56

328 1439 450 1483 ·quas
480 1426 556 1470 ille
589 1460 628 1471 ..
648 1461 658 1470 .
692 1425 967 1470 Hadrubalis
1013 1425 1160 1482 copias
1204 1425 1304 1479 fuit,
1334 1437 1442 1481 quos
1473 1425 1690 1481 Syphacis
1724 1459 1734 1469 .
1753 1458 1792 1469 ..
1825 1425 2063 1482 equitatus,
2111 1437 2224 1481 quae
2254 1429 2508 1483 quantaque
2545 1461 2556 1472 .
2580 1461 2592 1471 .
2617 1460 2626 1471 .

326 1501 476 1542 castra
507 1531 517 1542 .
539 1531 548 1541 .
568 1531 578 1541 .
611 1497 810 1541 delevit!'
874 1497 962 1541 Sed
1007 1497 1088 1540 hoc
1132 1496 1333 1540 ultimum
1366 1498 1491 1552 ‘quae
1523 1498 1787 1552 quantaque‘
1825 1496 1953 1540 docet
1994 1511 2089 1555 quae
2126 1509 2212 1541 non
2250 1509 2329 1553 pro
2368 1501 2512 1555 quanta
2542 1497 2630 1542 dici

326 1569 404 1613 sed
434 1581 555 1612 mere
584 1568 850 1612 rhetoricam
879 1567 1068 1623 figuram
1103 1580 1213 1612 esse.

469 1650 648 1710 ‘Uterque
676 1650 838 1708 plurali
868 1662 1047 1695 numero
1078 1649 1243 1706 legitur
1276 1654 1315 1705 3,
1351 1654 1399 1705 5,-
1426 1654 1479 1695 21
1518 1651 1744 1707 ‘utraeque
1773 1648 2040 1695 Armeniae.'
2103 1648 2157 1694 cf.
2199 1649 2325 1695 Caes.
2357 1650 2397 1695 b.
2419 1652 2475 1707 g.
2515 1654 2627 1706 1‚53·

327 1724 441 1780 Nep.
474 1723 586 1768 Tim.
619 1728 660 1768 2.

470 1806 527 1850 In
558 1804 855 1850 numeralibus
885 1804 994 1850 nihil
1025 1804 1322 1856 adnotandum
1351 1803 1599 1848 invenimus
1630 1803 1714 1848 nisi
1744 1803 1790 1847 id
1820 1804 1934 1860 quod
1965 1804 2048 1848 Dr.
2080 1816 2122 1860 p.
2159 1807 2242 1848 109
2270 1803 2423 1848 laudat
2450 1816 2474 1849 e
2494 1803 2629 1849 Floro

332 1881 369 1931 1,
409 1880 447 1931 1,
480 1880 510 1921 4
542 1876 621 1920 ‘bis
660 1875 849 1932 septima
885 1875 1036 1920 subole
1073 1875 1319 1931 regnabat',
1353 1875 1598 1931 exemplum
1637 1887 1788 1918 rarum
1817 1874 1988 1919 numeri
2018 1874 2230 1919 ordinalis
2265 1875 2629 1932 multiplicatione

328 1947 483 1992 effecti.
547 1946 635 1992 Sed
667 1959 763 1991 eam
794 1945 1037 2003 lectionem,
1061 1959 1172 2000 quae
1192 1946 1238 1990 in
1268 1945 1488 1990 codicibus
1519 1959 1605 1990 non
1637 1949 1719 2001 est,
1754 1970 1810 1978 —
1842 1945 1916 1999 qui
1954 1945 2007 1986 bis
2037 1944 2248 1990 omittunt
2283 1969 2341 1976 —
2378 1947 2628 2003 conjectura

327 2021 501 2062 tantum
533 2018 752 2063 Camertis
783 2017 867 2062 niti
897 2017 1138 2062 Salmasius
1169 2018 1308 2062 docet.
2618 2019 2620 2021 ’

1157 2271 1256 2320 IV.
1331 2271 1413 2319 De
1456 2270 1781 2320 AdverbiiS.

469 2412 616 2457 Unum
646 2410 916 2465 adverbium,
949 2409 1063 2464 quod
1095 2409 1200 2454 alibi
1229 2422 1445 2464 nusquam
1475 2413 1700 2465 repertum
1731 2412 1800 2455 est
1830 2408 1915 2454 nisi
1945 2409 2061 2466 apud
2098 2409 2258 2467 Gajum
2278 2410 2365 2468 dig.
2394 2415 2462 2467 18,
2492 2416 2530 2467 1,
2555 2416 2623 2458 35.

324 2482 352 2540 ξ
387 2487 410 2527 7
442 2482 559 2537 apud
587 2482 704 2526 hunc
734 2485 807 2526 ter
837 2481 1019 2537 legitur:
1053 2480 1227 2523 &asemel
1252 2480 1279 2525 i.
1314 2493 1351 2524 e.
1385 2481 1525 2535 simul,
1557 2482 1756 2525 Prooem.
1791 2487 1839 2536 3;
1875 2484 1912 2536 1,
1946 2485 2017 2536 20,
2054 2485 2097 2537 13
2134 2486 2171 2537 1,
2205 2486 2276 2538 35,
2312 2487 2349 2527 1.

470 2566 693 2620 Persaepe
730 2567 788 2613 bic
823 2564 924 2608 adv.
963 2563 1141 2618 ponitur
1183 2563 1229 2607 in
1267 2563 1535 2617 narratione,
1568 2563 1642 2607 ubi
1672 2569 1753 2604 tum
1794 2567 1842 2608 et
1887 2564 1921 2604 ib
1972 2567 2179 2619 expectes
2208 2566 2471 2620 praesertim
2500 2566 2626 2611 initio

325 2636 661 2682 sententiarum.
723 2636 799 2680 Ita
830 2639 871 2690 2,
905 2640 947 2690 8,
983 2640 1021 2691 7,
1055 2639 1101 2690 9;
1136 2640 1175 2689 3,
1213 2638 1280 2690 10,
1315 2638 1391 2690 21;
1426 2641 1465 2689 3,
1504 2639 1570 2690 19,
1606 2641 1650 2690 3;
1685 2640 1724 2691 3,
1757 2639 1828 2691 21,
1865 2639 1938 2691 13;
1970 2638 2012 2691 4,
2047 2640 2086 2692 5,
2121 2642 2146 2681 3
2177 2639 2277 2693 cet„
2310 2636 2384 2692 qui
2414 2637 2625 2694 ususjam

324 2708 442 2764 apud
473 2708 644 2763 priores
674 2707 793 2751 haud
822 2706 1088 2759 infrequens.
1150 2705 1204 2749 cf.
1240 2705 1330 2750 Cic.
1363 2706 1495 2751 Verr.
1533 2710 1569 2761 1,
1603 2710 1644 2761 8,
1678 2711 1755 2762 23;
1789 2712 1829 2762 3,
1862 2711 1934 2762 28,
1967 2711 2045 2762 69;
2077 2708 2218 2753 Acad.
2253 2713 2293 2763 2,
2325 2713 2356 2753 4
2380 2712 2453 2764 103
2484 2709 2622 2765 Verg.

324 2779 440 2824 Aen.
469 2784 510 2835 2,
537 2782 643 2834 386;
676 2777 802 2823 Curt.
835 2781 878 2833 4,
914 2783 953 2833 3,
990 2781 1035 2833 '73
1067 2781 1109 2833 4,
1144 2781 1184 2833 6,
1222 2781 1295 2832 13;
1327 2780 1369 2832 4,
1407 2780 1474 2833 10,
1509 2782 1578 2823 21.
1640 2778 1726 2830 &lic
1754 2791 1835 2835 pro
1866 2780 1932 2829 hoc
1960 2778 2035 2824 vel
2066 2794 2111 2820 ea
2139 2793 2182 2821 re
2201 2781 2272 2824 est
2291 2783 2333 2835 4,
2356 2783 2383 2824 2
2407 2784 2464 2825 90
2486 2780 2625 2825 ‘nemo

324 2864 480 2896 caesus
525 2853 708 2907 praeter
738 2885 749 2895 .
785 2885 794 2895 .
828 2885 838 2895 .
872 2849 1081 2905 parvulos
1128 2862 1183 2893 ex
1220 2849 1344 2894 Sulla
1391 2848 1480 2906 (hic
1515 2850 1705 2906 posteris
1742 2851 2032 2910 cavebatur).’
2108 2852 2224 2895 Item
2271 2852 2355 2900 bine
2397 2865 2478 2908 pro
2523 2851 2626 2895 illinc

249 2964 251 2966 .
324 2928 367 2978 4,
402 2927 469 2978 12,
502 2926 560 2968 49
593 2925 640 2967 et
672 2924 887 2963 etiamnunc
915 2933 996 2976 pro
1028 2921 1222 2962 etiamtum
1252 2924 1294 2976 4,
1332 2925 1398 2976 12,
1431 2924 1501 2967 41.
1564 2922 1654 2967 Pro
1684 2922 2206 2978 pronomine‘demonstr.
2239 2925 2310 2968 est
2338 2923 2540 2969 Prooem.
2577 2928 2621 2969 7:

325 2995 429 3039 ‘Hic
452 2995 545 3051 jam
576 2994 674 3050 ipsa
698 2993 912 3049 juventus
932 2991 1131 3047 imperii)
1193 2992 1339 3037 Causa
1370 2997 1439 3037 est
1461 2994 1611 3038 eadem
1643 3006 1755 3048 quae
1774 2994 2022 3050 praesentis
2043 2993 2252 3050 historici,
2285 2995 2398 3050 quod
2423 3007 2623 3052 resprae-

323 3066 629 3121 sentationem,
677 3078 808 3119 quam
853 3064 1018 3119 dicunt,
1066 3077 1214 3108 rerum
1259 3065 1599 3119 praeteritorum
1643 3078 1792 3110 omnes
1838 3065 2089 3122 scriptores,
2137 3065 2323 3110 maxime
2369 3070 2519 3111 autem
2549 3067 2624 3121 qui

323 3137 448 3181 Flori
477 3137 642 3181 similes
688 3141 805 3191 sunt,
852 3136 1082 3180 admodum
1127 3140 1291 3180 amant.
1361 3137 1593 3180 Interdum
1638 3136 1773 3180 etiam
1818 3136 1997 3180 dubium
2035 3136 2226 3192 videtur,
2272 3141 2424 3182 utrum
2454 3139 2513 3187 bie
2542 3151 2622 3192 pro

324 3222 447 3272 pron.
480 3209 716 3253 demonstr.
751 3221 808 3253 an
839 3221 920 3264 pro
950 3207 1160 3252 adverbio
1196 3208 1494 3263 accipiendum
1528 3209 1606 3253 sit:
1640 3212 1682 3264 4,
1714 3213 1756 3263 2,
1789 3212 1845 3253 90
1879 3208 1982 3254 ‘Hic
2007 3208 2242 3264 aliquando
2271 3208 2371 3254 finis
2404 3222 2623 3254 armorum

324 3281 410 3326 fuit
418 3281 444 3336 ;’
476 3286 518 3336 4,
556 3285 610 3325 10
645 3287 668 3325 3
705 3283 765 3325 ‘et
795 3281 867 3325 hic
904 3281 1057 3325 statim
1088 3279 1214 3334 quasi
1245 3280 1388 3325 victor
1419 3281 1715 3336 sequebatur!
